<?xml version="1.0" encoding="UTF-8" ?>
<record Numero="14803077" format="InterXMarc_Complet" type="Authority">
<leader>00932c0 au22000272  45  <Pos Code="0004">00932</Pos>
<Pos Code="05" Sens="notice modifiée">c</Pos>
<Pos Code="06" Sens="notice validée par les services d&apos;autorité">0</Pos>
<Pos Code="08" Sens="notice d&apos;autorité">a</Pos>
<Pos Code="09" Sens="titre uniforme musical (TUM)">u</Pos>
<Pos Code="10">2</Pos>
<Pos Code="11">2</Pos>
<Pos Code="1216">00027</Pos>
<Pos Code="17" Sens="autres cas">2</Pos>
<Pos Code="20">4</Pos>
<Pos Code="21">5</Pos>
</leader>
<controlfield tag="001">FRBNF14803077X<Pos Code="0001">FR</Pos>
<Pos Code="0204">BNF</Pos>
<Pos Code="0512">14803077</Pos>
<Pos Code="13">X</Pos>
</controlfield>
<controlfield tag="008">980624131125yy    zz        1952      1962                   1   <Pos Code="0001">98</Pos>
<Pos Code="0203">06</Pos>
<Pos Code="0405">24</Pos>
<Pos Code="0607">13</Pos>
<Pos Code="0809">11</Pos>
<Pos Code="1011">25</Pos>
<Pos Code="1213" Sens="ne s&apos;applique pas">yy</Pos>
<Pos Code="1820">zz </Pos>
<Pos Code="2831">1952</Pos>
<Pos Code="3841">1962</Pos>
<Pos Code="61" Sens="La vedette peut être liée à une notice bibliographique sauf pour l&apos;accès matière RAMEAU">1</Pos>
</controlfield>
<datafield tag="048" ind1=" " ind2=" ">
	<subfield code="a">oa01<Pos Code="0001" Sens="orchestre - orchestre symphonique XIXe-XXe s.">oa</Pos>
<Pos Code="02">0</Pos>
<Pos Code="03">1</Pos>
</subfield>
</datafield>
<datafield tag="100" ind1=" " ind2=" ">
	<subfield code="3">13900080</subfield>
	<subfield code="w"> 0  b     </subfield>
	<subfield code="a">Stockhausen</subfield>
	<subfield code="m">Karlheinz</subfield>
	<subfield code="d">1928-2007</subfield>
</datafield>
<datafield tag="144" ind1="1" ind2=" ">
	<subfield code="w">....b.ger.</subfield>
	<subfield code="a">Punkte</subfield>
	<subfield code="p">Op. 1/2</subfield>
</datafield>
<datafield tag="600" ind1=" " ind2=" ">
	<subfield code="a">Date de composition : 1952</subfield>
	<subfield code="a">Date de révision : 1962</subfield>
	<subfield code="a">Nouvelles révisions : 1966 et 1993</subfield>
	<subfield code="a">1re exécution : Donaueschingen, 20 octobre 1963, Orchestre du SWF, sous la direction de Pierre Boulez</subfield>
</datafield>
<datafield tag="610" ind1=" " ind2=" ">
	<subfield code="a">IRCAM</subfield>
	<subfield code="u">http://brahms.ircam.fr/works/work/6993/</subfield>
	<subfield code="d">2010-02-10</subfield>
	<subfield code="a">Oxford music online</subfield>
	<subfield code="u">http://www.oxfordmusiconline.com</subfield>
	<subfield code="d">2013-11-25</subfield>
</datafield>
<datafield tag="610" ind1=" " ind2=" ">
	<subfield code="a">Verehrter Meister, lieber Freund... [Enregistrement sonore] : Begegnungen mit Komponisten unserer Zeit / Strawinsky, Hindemith, Foss... [et al.], comp. ; Heinrich Strobel ; Herausgegeben von Ingeborg Schatz ; Sinfonieorchester des Südwestfunks ; Igor Strawinsky, Paul Hindemith, Lukas Foss... [et al.], dir.. Deutsche Grammophon 0629 027/31</subfield>
</datafield>
<datafield tag="917" ind1=" " ind2=" ">
	<subfield code="o">OPD</subfield>
	<subfield code="a">100266290</subfield>
	<subfield code="b">ATUM</subfield>
</datafield>
<Attr Nom="IDPerenne">ark:/12148/cb14803077d</Attr>
<Attr Nom="NumSource">OPD 100266290</Attr>
<Attr Nom="Source" Sens="BnF catalogue général (depuis 1999)">A</Attr>
<Attr Nom="NumAutoriteLiee">13900080</Attr>
<Attr Nom="DateCreation">24/06/ 1998</Attr>
<Attr Nom="ResponsableCreation">MIGV3_FF</Attr>
<Attr Nom="StructCreation">1</Attr>
<Attr Nom="DateDerniereValidation">25/11/ 2013</Attr>
<Attr Nom="ResponsableDerniereValidation">SERRES CATHERINE</Attr>
<Attr Nom="StructPremiereValidation">1</Attr>
<Attr Nom="DatePremiereValidation">24/06/ 1998</Attr>
<Attr Nom="ResponsablePremiereValidation">MIGV3_FF</Attr>
<Attr Nom="StructDerniereValidation">82</Attr>
<Attr Nom="NumSource">OPP 11403333</Attr>
</record>
